@inproceedings{TOKENOMICS:MalSza23,
  author    = {Malkhi, Dahlia and Szalachowski, Pawel},
  title     = {{Maximal Extractable Value (MEV) Protection on a DAG}},
  booktitle = {4th International Conference on Blockchain Economics, Security and Protocols (Tokenomics 2022)},
  pages     = {6:1--6:17},
  series    = {Open Access Series in Informatics (OASIcs)},
  isbn      = {978-3-95977-274-7},
  issn      = {2190-6807},
  year      = {2023},
  volume    = {110},
  editor    = {Amoussou-Guenou, Yackolley and Kiayias, Aggelos and Verdier, Marianne},
  publisher = {Schloss Dagstuhl -- Leibniz-Zentrum f{\"u}r Informatik},
  address   = {Dagstuhl, Germany},
  doi       = {10.4230/OASIcs.Tokenomics.2022.6}
}

@inproceedings{ACCS:KDK22,
  author    = {Mahimna Kelkar and Soubhik Deb and Sreeram Kannan},
  editor    = {Jason Paul Cruz and Naoto Yanai},
  title     = {Order-Fair Consensus in the Permissionless Setting},
  booktitle = {{APKC} '22: Proceedings of the 9th {ACM} on {ASIA} Public-Key Cryptography  Workshop, APKC@AsiaCCS 2022, Nagasaki, Japan, 30 May 2022},
  pages     = {3--14},
  publisher = {{ACM}},
  year      = {2022},
  doi       = {10.1145/3494105.3526239}
}

@article{DC:GKMPS22,
  author  = {Guerraoui, Rachid
             and Kuznetsov, Petr
             and Monti, Matteo
             and Pavlovic, Matej
             and Seredinschi, Dragos-Adrian},
  title   = {The consensus number of a cryptocurrency},
  journal = {Distributed Computing},
  year    = {2022},
  month   = {Feb},
  day     = {01},
  volume  = {35},
  number  = {1},
  pages   = {1-15},
  issn    = {1432-0452},
  doi     = {10.1007/s00446-021-00399-2},
}

@inproceedings{AFT:Kursawe20,
  author    = {Kursawe, Klaus},
  title     = {Wendy, the Good Little Fairness Widget: Achieving Order Fairness for Blockchains},
  year      = {2020},
  isbn      = {9781450381390},
  publisher = {Association for Computing Machinery},
  address   = {New York, NY, USA},
  doi       = {10.1145/3419614.3423263},
  booktitle = {Proceedings of the 2nd ACM Conference on Advances in Financial Technologies},
  pages     = {25--36},
  numpages  = {12},
  location  = {New York, NY, USA},
  series    = {AFT '20}
}

@inproceedings{OSDI:ZSCZA20,
  author    = {Zhang, Yunhao and Setty, Srinath and Chen, Qi and Zhou, Lidong and Alvisi, Lorenzo},
  title     = {Byzantine Ordered Consensus without Byzantine Oligarchy},
  year      = {2020},
  isbn      = {978-1-939133-19-9},
  publisher = {USENIX Association},
  address   = {USA},
  booktitle = {Proceedings of the 14th USENIX Conference on Operating Systems Design and Implementation},
  articleno = {36},
  numpages  = {17}
}

@misc{Nak08,
  author = {Satoshi Nakamoto},
  title  = {Bitcoin: A Peer-to-Peer Electronic Cash System},
  year   = {2008},
  month  = {Dec},
  url    = {https://bitcoin.org/bitcoin.pdf}
}

@article{CSUR:Schneider90,
  author    = {Schneider, Fred B.},
  title     = {Implementing fault-tolerant services using the state machine approach: a tutorial},
  year      = {1990},
  publisher = {Association for Computing Machinery},
  address   = {New York, NY, USA},
  volume    = {22},
  number    = {4},
  issn      = {0360-0300},
  doi       = {10.1145/98163.98167},
  journal   = {ACM Comput. Surv.},
  month     = {dec},
  pages     = {299--319},
  numpages  = {21}
}

@article{JACM:PeaShoLam80,
  author     = {Marshall C. Pease and Robert E. Shostak and Leslie Lamport},
  title      = {Reaching Agreement in the Presence of Faults},
  year       = {1980},
  issue_date = {April 1980},
  publisher  = {Association for Computing Machinery},
  address    = {New York, NY, USA},
  volume     = {27},
  number     = {2},
  issn       = {0004-5411},
  doi        = {10.1145/322186.322188},
  journal    = {J. ACM},
  month      = {apr},
  pages      = {228--234},
  numpages   = {7}
}
